@book{Shirley2016,
  author    = {Peter Shirley},
  title     = {Ray Tracing in One Weekend},
  year      = {2016},
  note      = {\url{https://raytracing.github.io/books/RayTracingInOneWeekend.html}}
}

@misc{NvidiaSharedMem,
  author  = {{NVIDIA}},
  title   = {Using Shared Memory in CUDA C/C++},
  year    = {2013},
  howpublished = {\url{https://developer.nvidia.com/blog/using-shared-memory-cuda-cc/}}
}

@mastersthesis{Pitkin2014,
  author    = {Thomas Pitkin},
  title     = {GPU Ray Tracing with CUDA},
  school    = {Eastern Washington University},
  year      = {2014},
  url       = {https://dc.ewu.edu/cgi/viewcontent.cgi?article=2092&context=theses}
}

@manual{OptiX2024,
  author  = {{NVIDIA}},
  title   = {NVIDIA OptiX 7 Programming Guide},
  year    = {2024},
  note    = {\url{https://raytracing-docs.nvidia.com/}}
}

@article{Ghosh2020,
  author       = {Vishek Ghosh and Jichan Chung and Dong Yin and Kannan Ramchandran},
  title        = {An Efficient Framework for Clustered Federated Learning},
  booktitle    = {Advances in Neural Information Processing Systems},
  volume       = {33},
  year         = {2020},
  pages        = {19586--19597},
}

@article{McMahan2017,
  author       = {Brendan McMahan and Eider Moore and Daniel Ramage and Seth Hampson and Blaise Aguera y Arcas},
  title        = {Communication‚ÄêEfficient Learning of Deep Networks from Decentralized Data},
  booktitle    = {Proceedings of the 20th International Conference on Artificial Intelligence and Statistics},
  year         = {2017},
  pages        = {1273--1282},
  organization = {PMLR},
}
